<record><leader>00000cas a22000007a 4500</leader><controlfield tag="001">22044094</controlfield><controlfield tag="008">900717d19501960nhuwr ne      0    0eng d</controlfield><datafield ind1=" " ind2=" " tag="010"><subfield code="a">sn 90062314 </subfield></datafield><datafield ind1=" " ind2=" " tag="040"><subfield code="a">NVH</subfield><subfield code="b">eng</subfield><subfield code="c">NVH</subfield><subfield code="d">OCLCQ</subfield></datafield><datafield ind1=" " ind2=" " tag="042"><subfield code="a">msc</subfield></datafield><datafield ind1="0" ind2=" " tag="130"><subfield code="a">Somersworth free press (Somersworth, N.H. : 1950)</subfield></datafield><datafield ind1="1" ind2="0" tag="245"><subfield code="a">Somersworth free press.</subfield></datafield><datafield ind1=" " ind2=" " tag="260"><subfield code="a">Somersworth, N.H. :</subfield><subfield code="b">Somersworth Free Press</subfield></datafield><datafield ind1=" " ind2=" " tag="300"><subfield code="a">v.</subfield></datafield><datafield ind1=" " ind2=" " tag="310"><subfield code="a">Weekly</subfield></datafield><datafield ind1="0" ind2=" " tag="362"><subfield code="a">Vol. 83, no. 42 (Oct. 19, 1950)-v. 93, no. 29 (July 21, 1960).</subfield></datafield><datafield ind1=" " ind2=" " tag="752"><subfield code="a">United States</subfield><subfield code="b">New Hampshire</subfield><subfield code="c">Strafford</subfield><subfield code="d">Somersworth.</subfield></datafield><datafield ind1="0" ind2="0" tag="780"><subfield code="t">Press-pilot</subfield><subfield code="w">(DLC)sn 90062307</subfield></datafield><datafield ind1="0" ind2="0" tag="785"><subfield code="t">Somersworth Berwick free press</subfield><subfield code="w">(DLC)sn 90062315</subfield></datafield></record>